<record><leader>00000cas a22000007a 4500</leader><controlfield tag="001">12494262</controlfield><controlfield tag="008">850905c18879999aluwr ne      0   a0eng d</controlfield><datafield ind1=" " ind2=" " tag="010"><subfield code="a">sn 85044934 </subfield></datafield><datafield ind1=" " ind2=" " tag="040"><subfield code="a">ALM</subfield><subfield code="b">eng</subfield><subfield code="c">ALM</subfield><subfield code="d">CPN</subfield><subfield code="d">NSD</subfield><subfield code="d">CPN</subfield><subfield code="d">OCLCQ</subfield></datafield><datafield ind1=" " ind2=" " tag="012"><subfield code="l">1</subfield><subfield code="m">1</subfield></datafield><datafield ind1="1" ind2=" " tag="022"><subfield code="a">0890-8168</subfield><subfield code="l">0890-8168</subfield><subfield code="2">1</subfield></datafield><datafield ind1=" " ind2=" " tag="032"><subfield code="a">501840</subfield><subfield code="b">USPS</subfield></datafield><datafield ind1=" " ind2=" " tag="037"><subfield code="b">The South Alabamian, P.O. Box 68, Jackson, AL 36545</subfield></datafield><datafield ind1=" " ind2=" " tag="042"><subfield code="a">msc</subfield><subfield code="a">nsdp</subfield></datafield><datafield ind1="0" ind2=" " tag="130"><subfield code="a">South Alabamian (Jackson, Ala.)</subfield></datafield><datafield ind1=" " ind2="4" tag="222"><subfield code="a">The South Alabamian</subfield><subfield code="b">(Jackson, Ala.)</subfield></datafield><datafield ind1="1" ind2="4" tag="245"><subfield code="a">The South Alabamian.</subfield></datafield><datafield ind1=" " ind2=" " tag="260"><subfield code="a">Jackson, Ala. :</subfield><subfield code="b">A.L. McLeod,</subfield><subfield code="c">1887-</subfield></datafield><datafield ind1=" " ind2=" " tag="300"><subfield code="a">v. :</subfield><subfield code="b">ill. ;</subfield><subfield code="c">46-57 cm.</subfield></datafield><datafield ind1=" " ind2=" " tag="310"><subfield code="a">Weekly,</subfield><subfield code="b">&lt;Aug. 7, 1906-&gt;</subfield></datafield><datafield ind1=" " ind2=" " tag="321"><subfield code="a">Weekly,</subfield><subfield code="b">&lt;Sept. 3, 1887 -Mar. 22, 1906&gt;</subfield></datafield><datafield ind1=" " ind2=" " tag="321"><subfield code="a">Semiweekly,</subfield><subfield code="b">&lt;Mar. 27-July 31, 1906&gt;</subfield></datafield><datafield ind1="0" ind2=" " tag="362"><subfield code="a">Vol. 1, no. 1 (Sept. 3, 1887)-</subfield></datafield><datafield ind1=" " ind2=" " tag="500"><subfield code="a">Publisher varies: Michael Breedlove, &lt;Aug. 7, 1986-&gt;</subfield></datafield><datafield ind1=" " ind2=" " tag="515"><subfield code="a">Some numbers repeated.</subfield></datafield><datafield ind1=" " ind2=" " tag="525"><subfield code="a">Supplements accompany some issues.</subfield></datafield><datafield ind1=" " ind2=" " tag="588"><subfield code="a">Latest issue consulted: Vol. 99, no. 32 (Thursday, Aug. 7, 1986) (surrogate).</subfield></datafield><datafield ind1=" " ind2=" " tag="752"><subfield code="a">United States</subfield><subfield code="b">Alabama</subfield><subfield code="c">Clarke</subfield><subfield code="d">Jackson.</subfield></datafield></record>